<?xml version="1.0" encoding="UTF-8"?><collection xmlns="http://www.loc.gov/MARC21/slim"><record><leader>00432nam--2200157-i-4500</leader><controlfield tag="001">000047301</controlfield><controlfield tag="002">20161230</controlfield><controlfield tag="005">20170103183221</controlfield><controlfield tag="008">060222s1000------------r-----000-0-eng-d</controlfield><datafield ind1=" " ind2=" " tag="100"><subfield code="a">Weiszmann, Andrei</subfield></datafield><datafield ind1=" " ind2=" " tag="245"><subfield code="a">Unele cercetari noi asupra bazelor mecanicii cuantice. (text prescurta)</subfield></datafield><datafield ind1=" " ind2=" " tag="260"><subfield code="a">Bucuresti</subfield><subfield code="b">Min.Invatamintului</subfield><subfield code="c">1957</subfield></datafield><datafield ind1=" " ind2=" " tag="300"><subfield code="a">9 p</subfield></datafield><datafield ind1=" " ind2=" " tag="700"><subfield code="a">Zoltan, Gabor</subfield></datafield><datafield ind1=" " ind2=" " tag="852"><subfield code="a">4774</subfield></datafield><datafield ind1=" " ind2=" " tag="CAT"><subfield code="a">SYS</subfield><subfield code="c">20170103</subfield><subfield code="h">183221</subfield></datafield></record></collection>